<record><leader>00000cas a22000007a 4500</leader><controlfield tag="001">10656580</controlfield><controlfield tag="008">840424d18611862wiuwr ne      0   a0eng d</controlfield><datafield ind1=" " ind2=" " tag="010"><subfield code="a">sn 84024386 </subfield></datafield><datafield ind1=" " ind2=" " tag="040"><subfield code="a">NPV</subfield><subfield code="b">eng</subfield><subfield code="c">NPV</subfield><subfield code="d">OCLCQ</subfield></datafield><datafield ind1=" " ind2=" " tag="042"><subfield code="a">msc</subfield></datafield><datafield ind1="0" ind2=" " tag="130"><subfield code="a">Weekly herald (Dodgeville, Wis.)</subfield></datafield><datafield ind1="1" ind2="4" tag="245"><subfield code="a">The weekly herald.</subfield></datafield><datafield ind1=" " ind2=" " tag="260"><subfield code="a">Dodgeville, Wis. :</subfield><subfield code="b">Henry Madden, P.D. Wigginton</subfield></datafield><datafield ind1=" " ind2=" " tag="300"><subfield code="a">v. :</subfield><subfield code="b">ill. (chiefly advertisements)</subfield></datafield><datafield ind1=" " ind2=" " tag="310"><subfield code="a">Weekly</subfield></datafield><datafield ind1="1" ind2=" " tag="362"><subfield code="a">Began with Mar. 16, 1861 issue; ceased in 1862?</subfield><subfield code="z">Cf. Oehlerts, d. E. Guide to Wis. newspapers.</subfield></datafield><datafield ind1=" " ind2=" " tag="588"><subfield code="a">Description based on: Vol. 1, no. 3 (Mar. 30, 1861).</subfield></datafield><datafield ind1=" " ind2=" " tag="752"><subfield code="a">United States</subfield><subfield code="b">Wisconsin</subfield><subfield code="c">Iowa</subfield><subfield code="d">Dodgeville.</subfield></datafield></record>